@incollection{nalu,
title = {Neural Arithmetic Logic Units},
author = {Trask, Andrew and Hill, Felix and Reed, Scott E and Rae, Jack and Dyer, Chris and Blunsom, Phil},
booktitle = {Advances in Neural Information Processing Systems 31},
editor = {S. Bengio and H. Wallach and H. Larochelle and K. Grauman and N. Cesa-Bianchi and R. Garnett},
pages = {8035--8044},
year = {2018},
publisher = {Curran Associates, Inc.},
url = {http://papers.nips.cc/paper/8027-neural-arithmetic-logic-units.pdf}
}
